%https://arxiv.org/abs/1409.0473
@article{bahdanau2014neural,
      title={Neural machine translation by jointly learning to align and translate},
      author={Bahdanau, Dzmitry and Cho, Kyunghyun and Bengio, Yoshua},
      journal={arXiv preprint arXiv:1409.0473},
      year={2014}
}

% https://link.springer.com/chapter/10.1007/978-3-642-76153-9_28
@article{bridle1990probabilistic,
      title={Probabilistic interpretation of feedforward classification network outputs, with relationships to statistical pattern recognition},
      author={Bridle, John S}, 
      journal={Neurocomputing},
      volume={3},
      number={1},
      pages={227--236},
      year={1990},
      publisher={Elsevier}
}

% https://proceedings.neurips.cc/paper/1993/hash/288cc0ff022877bd3df94bc9360b9c5d-Abstract.html
@inproceedings{bromley1994signature,
      title={Signature verification using a" Siamese" time delay neural network},
      author={Bromley, Jane and Guyon, Isabelle and LeCun, Yann and S{\"a}ckinger, Eduard and Shah, Roopak},
      booktitle={Advances in neural information processing systems},
      pages={737--744},
      year={1994} 
}

% https://apps.dtic.mil/sti/citations/ADA196234
@article{broomhead1988radial,
      title={Radial basis functions, multi-variable functional interpolation and adaptive networks},
      author={Broomhead, David S and Lowe, David},
      journal={Royal Signals and Radar Establishment Malvern (United Kingdom)},
      year={1988}
}

% https://www.scirp.org/reference/referencespapers?referenceid=1150668
@article{cortes1995support,
      title={Support-vector networks},
      author={Cortes, Corinna and Vapnik, Vladimir},
      journal={Machine learning},
      volume={20},
      number={3},
      pages={273--297},
      year={1995},
      publisher={Springer}
}

% http://image.diku.dk/imagecanon/material/cortes_vapnik95.pdf
@article{cover1967nearest,
      title={Nearest neighbor pattern classification},
      author={Cover, Thomas and Hart, Peter},
      journal={IEEE transactions on information theory},
      volume={13},
      number={1},
      pages={21--27},
      year={1967},
      publisher={IEEE}
}

% https://link.springer.com/book/10.1007/978-3-642-00234-2
@book{deza2009encyclopedia,
      title={Encyclopedia of distances},
      author={Deza, Michel Marie and Deza, Elena},
      year={2009},
      publisher={Springer}
}

% https://www.researchgate.net/publication/265022827_Visualizing_Higher-Layer_Features_of_a_Deep_Network
@article{erhan2009visualizing,
      title={Visualizing higher-layer features of a deep network},
      author={Erhan, Dumitru and Bengio, Yoshua and Courville, Aaron and Vincent, Pascal},
      journal={University of Montreal},
      volume={1341},
      number={3},
      pages={1},
      year={2009} 
}

% https://proceedings.mlr.press/v15/glorot11a.html
@inproceedings{glorot2011deep,
      title={Deep sparse rectifier neural networks},
      author={Glorot, Xavier and Bordes, Antoine and Bengio, Yoshua},
      booktitle={Proceedings of the fourteenth international conference on artificial intelligence and statistics},
      pages={315--323},
      year={2011}
}

% https://arxiv.org/abs/1412.6572
@article{goodfellow2014explaining,
      title={Explaining and harnessing adversarial examples},
      author={Goodfellow, Ian J and Shlens, Jonathon and Szegedy, Christian},
      journal={arXiv preprint arXiv:1412.6572},
      year={2014} 
}

% https://papers.nips.cc/paper_files/paper/2015/hash/ae0eb3eed39d2bcef4622b2499a05fe6-Abstract.html
@article{han2015learning,
      title={Learning both weights and connections for efficient neural networks},
      author={Han, Song and Pool, Jeff and Tran, John and Dally, William J},
      journal={Advances in neural information processing systems},
      volume={28},
      year={2015}
}

% https://www.cs.cmu.edu/~epxing/Class/10715/reading/Kornick_et_al.pdf
@article{hornik1989multilayer,
      title={Multilayer feedforward networks are universal approximators},
      author={Hornik, Kurt and Stinchcombe, Maxwell and White, Halbert},
      journal={Neural networks},
      volume={2},
      number={5},
      pages={359--366},
      year={1989},
      publisher={Elsevier}
}

% https://papers.nips.cc/paper_files/paper/2012/hash/c399862d3b9d6b76c8436e924a68c45b-Abstract.html
@article{krizhevsky2012imagenet,
      title={Imagenet classification with deep convolutional neural networks},
      author={Krizhevsky, Alex and Sutskever, Ilya and Hinton, Geoffrey E},
      journal={Advances in neural information processing systems},
      volume={25}, 
      year={2012}
}

% https://pubmed.ncbi.nlm.nih.gov/26017442/
@article{lecun2015deep,
      title={Deep learning},
      author={LeCun, Yann and Bengio, Yoshua and Hinton, Geoffrey},
      journal={nature},
      volume={521},
      number={7553},
      pages={436--444},
      year={2015},
      publisher={Nature Publishing Group}
}

% https://www.semanticscholar.org/paper/Backpropagation-Applied-to-Handwritten-Zip-Code-LeCun-Boser/a8e8f3c8d4418c8d62e306538c9c1292635e9d27
@article{lecun1989backpropagation,
      title={Backpropagation applied to handwritten zip code recognition},
      author={LeCun, Yann and Boser, Bernhard and Denker, John S and Henderson, Donnie and Howard, Richard E and Hubbard, Wayne and Jackel, Lawrence D},
      journal={Neural computation},
      volume={1},
      number={4},
      pages={541--551},
      year={1989},
      publisher={MIT Press}
}

% https://www.researchgate.net/publication/2985446_Gradient-Based_Learning_Applied_to_Document_Recognition
@article{lecun1998gradient,
      title={Gradient-based learning applied to document recognition},
      author={LeCun, Yann and Bottou, L{\'e}on and Bengio, Yoshua and Haffner, Patrick},
      journal={Proceedings of the IEEE},
      volume={86},
      number={11},
      pages={2278--2324},
      year={1998},
      publisher={IEEE} 
}

% https://arxiv.org/abs/1606.03490
@article{lipton2018mythos,
      title={The mythos of model interpretability},
      author={Lipton, Zachary C},
      journal={Queue},
      volume={16},
      number={3},
      pages={31--57},
      year={2018},
      publisher={ACM New York, NY, USA}
}

% https://arxiv.org/abs/1706.06083
@article{madry2017towards,
      title={Towards deep learning models resistant to adversarial attacks},
      author={Madry, Aleksander and Makelov, Aleksandar and Schmidt, Ludwig and Tsipras, Dimitris and Vladu, Adrian},
      journal={arXiv preprint arXiv:1706.06083},
      year={2017} 
}

% https://www.scirp.org/reference/ReferencesPapers?ReferenceID=1649365
@article{mahalanobis1936generalized,
      title={On the generalized distance in statistics},
      author={Mahalanobis, Prasanta Chandra},
      journal={Proceedings of the National Institute of Sciences of India},
      volume={2},
      number={1},
      pages={49--55},
      year={1936},
      publisher={National Institute of Sciences of India}
}

% https://link.springer.com/article/10.1007/BF02478259
@article{mcculloch1943logical,
      title={A logical calculus of the ideas immanent in nervous activity},
      author={McCulloch, Warren S and Pitts, Walter},
      journal={The bulletin of mathematical biophysics},
      volume={5},
      number={4},
      pages={115--133},
      year={1943},
      publisher={Springer}
}

% https://arxiv.org/abs/1706.07979
@article{montavon2018methods,
      title={Methods for interpreting and understanding deep neural networks},
      author={Montavon, Gr{\'e}goire and Samek, Wojciech and M{\"u}ller, Klaus-Robert},
      journal={Digital Signal Processing},
      volume={73},
      pages={1--15},
      year={2018},
      publisher={Elsevier}
}

% https://dl.acm.org/doi/10.5555/3104322.3104425
@article{nair2010rectified,
      title={Rectified linear units improve restricted boltzmann machines},
      author={Nair, Vinod and Hinton, Geoffrey E},
      journal={Proceedings of the 27th international conference on machine learning (ICML-10)},
      pages={807--814},
      year={2010}
}

% https://research.google/pubs/feature-visualization/
@article{olah2017feature,
      title={Feature visualization},
      author={Olah, Chris and Mordvintsev, Alexander and Schubert, Ludwig},
      journal={Distill},
      volume={2},
      number={11},
      pages={e7},
      year={2017},
      publisher={Distill Publishing Inc.}
}

% https://arxiv.org/abs/2410.19352
@article{oursland2024interpreting,
      title={Interpreting Neural Networks through Mahalanobis Distance},
      author={Oursland, Alan},
      journal={arXiv preprint arXiv:2410.19352},
      year={2024}
}

@techreport{rosenblatt1957perceptron,
  title={The perceptron: A perceiving and recognizing automaton},
  author={Rosenblatt, Frank},
  institution={Cornell Aeronautical Laboratory},
  number={85-460-1},
  year={1957}
}

% https://www.scirp.org/reference/referencespapers?referenceid=547226
@article{rosenblatt1958perceptron,
      title={The perceptron: a probabilistic model for information storage and organization in the brain},
      author={Rosenblatt, Frank},
      journal={Psychological review},
      volume={65},
      number={6},
      pages={386},
      year={1958},
      publisher={American Psychological Association} 
}

% https://arxiv.org/abs/1811.10154
@article{rudin2019stop,
      title={Stop explaining black box machine learning models for high stakes decisions and use interpretable models instead},
      author={Rudin, Cynthia},
      journal={Nature Machine Intelligence},
      volume={1},
      number={5},
      pages={206--215},
      year={2019},
      publisher={Nature Publishing Group}
}

% https://ui.adsabs.harvard.edu/abs/1986Natur.323..533R/abstract
@article{rumelhart1986learning,
      title={Learning representations by back-propagating errors},
      author={Rumelhart, David E and Hinton, Geoffrey E and Williams, Ronald J},
      journal={nature},
      volume={323},
      number={6088},
      pages={533--536},
      year={1986},
      publisher={Nature Publishing Group UK} 
}

% https://www.semanticscholar.org/paper/Explainable-AI%3A-Interpreting%2C-Explaining-and-Deep-Samek-Montavon/0e1f153576c7f9f2628cdd34a1067c4d26bdc096
@article{samek2019explainable,
      title={Explainable AI: interpreting, explaining and visualizing deep learning},
      author={Samek, Wojciech and Montavon, Gr{\'e}goire and Vedaldi, Andrea and Hansen, Lars Kai and M{\"u}ller, Klaus-Robert},
      journal={Springer},
      year={2019}
}

% https://arxiv.org/abs/1404.7828
@article{schmidhuber2015deep,
      title={Deep learning in neural networks: An overview},
      author={Schmidhuber, J{\"u}rgen},
      journal={Neural networks},
      volume={61},
      pages={85--117},
      year={2015},
      publisher={Elsevier}
}

% https://arxiv.org/abs/1503.03832
@inproceedings{schroff2015facenet,
      title={Facenet: A unified embedding for face recognition and clustering},
      author={Schroff, Florian and Kalenichenko, Dmitry and Philbin, James}, 
      booktitle={Proceedings of the IEEE conference on computer vision and pattern recognition},
      pages={815--823},
      year={2015} 
}

% https://arxiv.org/abs/1312.6034
@article{simonyan2013deep, 
      title={Deep inside convolutional networks: Visualising image classification models and saliency maps},
      author={Simonyan, Karen and Vedaldi, Andrea and Zisserman, Andrew},
      journal={arXiv preprint arXiv:1312.6034},
      year={2013} 
}

% https://arxiv.org/abs/1312.6199
@article{szegedy2013intriguing,
      title={Intriguing properties of neural networks},
      author={Szegedy, Christian and Zaremba, Wojciech and Sutskever, Ilya and Bruna, Joan and Erhan, Dumitru and Goodfellow, Ian and Fergus, Rob},
      journal={arXiv preprint arXiv:1312.6199},
      year={2013}
}

% https://arxiv.org/abs/1706.03762
@article{vaswani2017attention,
      title={Attention is all you need},
      author={Vaswani, Ashish and Shazeer, Noam and Parmar, Niki and Uszkoreit, Jakob and Jones, Llion and Gomez, Aidan N and Kaiser, Łukasz and Polosukhin, Illia},
      journal={Advances in neural information processing systems}, 
      volume={30},
      year={2017}
}

% https://arxiv.org/abs/1506.06579
@inproceedings{yosinski2015understanding,
      title={Understanding neural networks through deep visualization},
      author={Yosinski, Jason and Clune, Jeff and Nguyen, Anh and Fuchs, Thomas and Lipson, Hod},
      booktitle={International conference on machine learning},
      pages={1576--1585},
      year={2015},
      organization={PMLR}
}

% https://arxiv.org/abs/1311.2901
@article{zeiler2014visualizing,
      title={Visualizing and understanding convolutional networks},
      author={Zeiler, Matthew D and Fergus, Rob},
      journal={European conference on computer vision},
      pages={818--833},
      year={2014},
      publisher={Springer}
}

% https://arxiv.org/abs/1512.04150
@article{zhou2016learning,
      title={Learning deep features for discriminative localization},
      author={Zhou, Bolei and Khosla, Aditya and Lapedriza, Agata and Oliva, Aude and Torralba, Antonio}, 
      journal={Proceedings of the IEEE conference on computer vision and pattern recognition},
      pages={2921--2929},
      year={2016}
}

